@book{balanis,
  author = {Constantine A. Balanis},
  title = {Antenna Theory: Analysis and Design},
  publisher = {Wiley},
  year = {2016},
  edition = {4th},
  isbn = {978-1118642061}
}

@techreport{swra705,
  author = {Chethan Kumar and Habeeb Ur Rahman Mohammed and Greg Peake},
  title = {mmWave Radar Radome Design Guide},
  institution = {Texas Instruments},
  year = {2021},
  number = {SWRA705},
  url = {https://www.ti.com/lit/pdf/swra705}
}

@misc{aemterms,
  author = {{AEM Antennas}},
  title = {Antenna Terminology â€“ Understanding Antenna Patterns, Gain, and More},
  year = {n.d.},
  url = {https://aemantennas.com/antenna-terms/},
  note = {Accessed: 2025-07-23}
}

@misc{microwavejournal_sparams,
  author = {{Microwave Journal}},
  title = {Basic Microwave Measurements},
  year = {2018},
  howpublished = {\url{https://www.microwavejournal.com/articles/30309-basic-microwave-measurements?page=2}},
  note = {Accessed: 2025-07-25}
}

@inproceedings{werfelli2016patch,
  author    = {Houda Werfelli and Nejib Zebbari and Faouzi Boulejfen and Rached Ghayoula},
  title     = {Design of rectangular microstrip patch antenna},
  booktitle = {2016 2nd International Conference on Advanced Technologies for Signal and Image Processing (ATSIP)},
  year      = {2016},
  pages     = {251--254},
  publisher = {IEEE},
  doi       = {10.1109/ATSIP.2016.7523107}
}

@article{mcculloch2023sband,
  author    = {Mark A. McCulloch and Daniel C. Price and Calvin B. Drouillard and Ben M. Preu and David R. DeBoer and Willem A. van Cappellen},
  title     = {An S-band cryogenic phased array feed for radio astronomy},
  journal   = {RAS Techniques and Instruments},
  volume    = {2},
  number    = {1},
  pages     = {432--440},
  year      = {2023},
  doi       = {10.1093/rasti/rzad008}
}
